\begin{thebibliography}{1}
\bibitem[JavaScript]{JavaScript}
  Mozilla. \emph{JavaScript}. \url{https://developer.mozilla.org/en-US/docs/Web/JavaScript}. 2023.
\end{thebibliography}
@misc{JavaScript,
    shorthand = {JavaScript},
    author = {Mozilla},
    title = {JavaScript},
    url = {https://developer.mozilla.org/en-US/docs/Web/JavaScript},
    year = {2023}
}
