%! Author = Adham Aijou
%! Date = 20/02/2023

